%========================================================================
% Modelo para elaboracao de textos academicos: TCC, dissertacoes e teses
% Elaborado pelo GISIS - Grupo de Imageamento Sismico e Inversao Sismica.
%========================================================================
@ABNT-options{abnt-substyle=GISIS,
 abnt-cite-style="(Author, YEAR)",
 abnt-etal-list=0,
 key="aaaa"}
%=========================================================================
%  Nao remover essas linhas acima!!!
%=========================================================================

@book{yilmaz2001,
  title={Seismic data analysis: Processing, inversion, and interpretation of seismic data},
  author={Yilmaz, {\"O}z},
  year={2001},
  publisher={Society of exploration geophysicists}
}
@article{Landes1969,
	abstract = {A partial biography of the writer is given. The inadequate abstract is discussed. What should be covered by an abstract is considered. The importance of the abstract is described. Dictionary definitions of "abstract" are quoted. At the conclusion a revised abstract is presented},
	author = {Landes, Kenneth K.},
	doi = {10.1029/EO050i003p00074-01},
	issn = {23249250},
	journal = {Eos, Transactions American Geophysical Union},
	number = {3},
	pages = {74--74},
	title = {{A scrutiny of the abstract}},
	volume = {50},
	year = {1969}
}

@article{Claerbout1959,
	abstract = {The introduction to a technical paper should be an invitation to readers to invest their time reading it. Typically this invitation has three parts (1) the review, (2) the claim, and (3) the agenda. The claim is where the author should say why the paper's agenda is a worthwhile extension of its historical review. Personal pronouns should be used in the claim and anywhere else the author expresses judgement, opinion, or choice.},
	author = {Claerbout, Jon F.},
	doi = {10.1190/1.1436777},
	issn = {1070-485X},
	journal = {The Leading Edge},
	number = {January},
	pages = {39--41},
	title = {{A Scrutiny of the Introduction}},
	year = {1959}
}
@book{Abreu2012,
	author = {Abreu, Estela dos Santos and Teixeira, Jos{\'{e}} Carlos Abreu},
	isbn = {9788522807895},
	title = {{Apresenta{\c{c}}{\~{a}}o de Trabalhos Monogr{\'{a}}ficos de Conclus{\~{a}}o de Curso}},
	year = {2012}
}
@book{kearey2009,
      title     = "Geofísica de exploração",
      author    = "Kearey, Philip and Brooks, Michael and Hill, Ian",
      year      = 2009,
      publisher = "Oficina de Textos",
      address   = "São Paulo"
}
@misc{citacoes,
	author = "Naína Tumelero",
	title = "Tipos de citações nas normas ABNT: um guia completo com exemplos",
	url  = "https://blog.mettzer.com/tipos-de-citacoes-conforme-os-padroes-abnt/",
    urlaccessdate={03 ago. 2021},
	year={2017}
}
@misc{palavraschave,
	author = "Rafael Tourinho Raymundo",
	title = "Palavras-chave ABNT: como acertar na escolha dos termos",
	url  = "https://viacarreira.com/palavras-chave-abnt/",
    urlaccessdate={22 mar. 2022},
	year={2022}
}
@Mastersthesis {oliveira2013,
  author    = "Oliveira, Diana Filipa Rodrigues",
  title     = "A robótica educativa no ensino e aprendizagem de conceitos de programação e algoritmos",
  school    = "Universidade de Lisboa",
  address   = "Lisboa", 
  year      = "2013",
  note      = "\href{https://repositorio.ul.pt/bitstream/10451/9892/1/ulfpie044799_tm.pdf}{Disponível em: \texttt{ https://repositorio.ul.pt/bitstream/10451/9892/1/ulfpie044799\_tm.pdf}}",
}
@article{sasseron2011,
      author         = "Sasseron, L. H. and Carvalho, A. M. P.",
      title          = "{Alfabetiza\c c\~ao cient\'ifica: uma revis\~ao bibliogr\'afica.}",
      journal        = "Investiga\c c\~oes em Ensino de Ci\^encias",
      volume         = "16",
      number         = "1",
      pages          = "59-77",
      year           = "2011",
}
@hidden{martins2011,
  author = 	 "Martins, J. and Cravo, M.",
  title = 	 "Fundamentos da programação utilizando múltiplos paradigmas",
  publisher   = "IST Press",
  address    = "Lourinhã",
  year = 	 {2011},
}
@hidden{freire1980,
  author = 	 {Freire, P.},
  title = 	 {Educa\c c\~ao como pr\'atica da liberdade},
  publisher = 	 {Paz e Terra},
  year = 	 {1980},
  address = 	 {S\~ao Paulo},
}

